@article{ref:losee-1997,
  title={A discipline independent definition of information},
  author={Losee, Robert M},
  journal={Journal of the American Society for information Science},
  volume={48},
  number={3},
  pages={254--269},
  year={1997},
  publisher={Wiley Online Library}
}

@article {ref:Schneidma-2003,
    author = {Schneidman, Elad and Bialek, William and Berry, Michael J.},
    title = {Synergy, Redundancy, and Independence in Population Codes},
    volume = {23},
    number = {37},
    pages = {11539--11553},
    year = {2003},
    doi = {10.1523/JNEUROSCI.23-37-11539.2003},
    publisher = {Society for Neuroscience},
    journal = {Journal of Neuroscience}
}

@book{ref:adams-2008,
  title={Introduction to Topology: Pure and Applied},
  author={Adams, C.C. and Franzosa, R.D.},
  isbn={9780131848696},
  year={2008},
  publisher={Pearson Prentice Hall}
}

@article{ref:adolphs-2018,
    title = {Local {Saddle} {Point} {Optimization}: {A} {Curvature} {Exploitation} {Approach}},
    url = {http://arxiv.org/abs/1805.05751},
    journal = {arXiv:1805.05751 [cs, math, stat]},
    author = {Adolphs, Leonard and Daneshmand, Hadi and Lucchi, Aurelien and Hofmann, Thomas},
    year = {2018},
    eprint = {1805.05751},
    archiveprefix = {arXiv},
    primaryclass = {cs.LG}
}

@article{ref:amari-2017,
    title = {Information Geometry Connecting Wasserstein Distance and Kullback-Leibler Divergence via the Entropy-Relaxed Transportation Problem},
    url = {http://arxiv.org/abs/1709.10219},
    journal = {arXiv:1709.10219 [cs, math]},
    author = {Amari, Shun-ichi and Karakida, Ryo and Oizumi, Masafumi},
    year = {2017},
    eprint = {1709.10219},
    archiveprefix = {arXiv},
    primaryclass = {math.OC}
}

@book{ref:ambrosio-2005,
    location = {Boston},
    title = {Gradient flows: in metric spaces and in the space of probability measures},
    isbn = {978-3-7643-2428-5},
    series = {Lectures in mathematics {ETH} Zürich},
    publisher = {Birkhäuser},
    author = {Ambrosio, Luigi and Gigli, Nicola and Savaré, Giuseppe},
    year = {2005}
}

@article{ref:arjovsky-2017,
  title = {Wasserstein {GAN}},
    url = {http://arxiv.org/abs/1701.07875},
    journal = {arXiv:1701.07875 [cs, stat]},
    author = {Arjovsky, Martin and Chintala, Soumith and Bottou, Léon},
    year = {2017},
    eprint = {1701.07875},
    archiveprefix = {arXiv},
    primaryclass = {cs.LG}
}

@article{ref:arjovsky-towards-2017,
  title={Towards principled methods for training generative adversarial networks},
  author={Arjovsky, Martin and Bottou, L{\'e}on},
  journal={arXiv preprint arXiv:1701.04862},
  year={2017},
    eprint = {1701.04862},
    archiveprefix = {arXiv},
    primaryclass = {cs.LG}
}

@book{ref:bishop,
 author = {Bishop, Christopher M.},
 title = {Pattern Recognition and Machine Learning (Information Science and Statistics)},
 year = {2006},
 isbn = {0387310738},
 publisher = {Springer-Verlag},
 address = {Berlin, Heidelberg},
}

@article{ref:bojchevski-2018,
    title = {{NetGAN}: Generating Graphs via Random Walks},
    url = {http://arxiv.org/abs/1803.00816},
    journal = {arXiv:1803.00816 [cs, stat]},
    author = {Bojchevski, Aleksandar and Shchur, Oleksandr and Zügner, Daniel and Günnemann, Stephan},
    year = {2018},
    eprint = {1803.00816},
    archiveprefix = {arXiv},
    primaryclass = {cs.SI}
}

@article{ref:chen-2016,
    title = {{InfoGAN}: {Interpretable} {Representation} {Learning} by {Information} {Maximizing} {Generative} {Adversarial} {Nets}},
    url = {http://arxiv.org/abs/1606.03657},
    journal = {arXiv:1606.03657 [cs, stat]},
    author = {Chen, Xi and Duan, Yan and Houthooft, Rein and Schulman, John and Sutskever, Ilya and Abbeel, Pieter},
    year = {2016},
    eprint = {1606.03657},
    archiveprefix = {arXiv},
    primaryclass = {cs.LG}
}

@article{ref:cheng-2018,
  title={Polynomial regression as an alternative to neural nets},
  author={Cheng, Xi and Khomtchouk, Bohdan and Matloff, Norman and Mohanty, Pete},
  journal={arXiv preprint arXiv:1806.06850},
  year={2018},
    eprint = {1806.06850},
    archiveprefix = {arXiv},
    primaryclass = {stat.ML}
}

@misc{ref:cortes-2017,
  title={Plant Disease Classification Using Convolutional Networks and Generative Adverserial Networks},
  author={Cortes, Emanuel},
  year=2017,
  publisher={Stanford University Reports, Stanford},
  note={Technical Report}
}

@book{ref:cover-thomas,
  title={Elements of information theory},
  author={Cover, Thomas M and Thomas, Joy A},
  year={2012},
  publisher={John Wiley and Sons},
  edition={2nd}
}

@article{ref:doan-2018,
    title = {On-line Adaptative Curriculum Learning for {GANs}},
    url = {http://arxiv.org/abs/1808.00020},
    journal = {arXiv:1808.00020 [cs, stat]},
    author = {Doan, Thang and Monteiro, Joao and Albuquerque, Isabela and Mazoure, Bogdan and Durand, Audrey and Pineau, Joelle and Hjelm, R. Devon},
    year = {2018},
    eprint = {1808.00020},
    archiveprefix = {arXiv},
    primaryclass = {cs.LG}
}

@misc{ref:doyle,
   author = {Doyle, Peter},
    title = {Why Maximize Entropy?},
     year = 1982,
    url = {https://math.dartmouth.edu/~doyle/docs/whyme/whyme/whyme.html},
    note={Technical Report}
}

@ARTICLE{ref:endres-2003, 
author={D. M. {Endres} and J. E. {Schindelin}}, 
journal={IEEE Transactions on Information Theory}, 
title={A new metric for probability distributions}, 
year={2003}, 
volume={49}, 
number={7}, 
pages={1858--1860}, 
doi={10.1109/TIT.2003.813506}, 
ISSN={0018-9448}
}

@article{ref:flamary,
    title = {Optimal transport for machine learning},
    author = {Flamary, Rémi},
    journal = {arXiv preprint},
    year = {2018},
    note={Tutorial},
    url = {https://remi.flamary.com/tutorials/}
}

@inproceedings{ref:frid-2018,
  title={Synthetic data augmentation using GAN for improved liver lesion classification},
  author={Frid-Adar, Maayan and Klang, Eyal and Amitai, Michal and Goldberger, Jacob and Greenspan, Hayit},
  booktitle={2018 IEEE 15th International Symposium on Biomedical Imaging (ISBI 2018)},
  pages={289--293},
  year={2018},
  organization={IEEE},
  doi = {10.1109/ISBI.2018.8363593}
}

@article{ref:ganea-2018,
    title = {Hyperbolic Neural Networks},
    url = {http://arxiv.org/abs/1805.09112},
    journal = {arXiv:1805.09112 [cs, stat]},
    author = {Ganea, Octavian-Eugen and Bécigneul, Gary and Hofmann, Thomas},
    year = {2018},
    eprint = {1805.09112},
    archiveprefix = {arXiv},
    primaryclass = {cs.LG}
}

@article{ref:gidel-negative-2018,
    title = {Negative {Momentum} for {Improved} {Game} {Dynamics}},
    url = {http://arxiv.org/abs/1807.04740},
    journal = {arXiv:1807.04740 [cs, stat]},
    author = {Gidel, Gauthier and Hemmat, Reyhane Askari and Pezeshki, Mohammad and Lepriol, Remi and Huang, Gabriel and Lacoste-Julien, Simon and Mitliagkas, Ioannis},
    year = {2018},
    eprint = {1807.04740},
    archiveprefix = {arXiv},
    primaryclass = {cs.LG}
}

@article{ref:gidel-variational-2018,
    title = {A {Variational} {Inequality} {Perspective} on {Generative} {Adversarial} {Networks}},
    url = {http://arxiv.org/abs/1802.10551},
    journal = {arXiv:1802.10551 [cs, math, stat]},
    author = {Gidel, Gauthier and Berard, Hugo and Vignoud, Gaëtan and Vincent, Pascal and Lacoste-Julien, Simon},
    year = {2018},
    eprint = {1802.10551},
    archiveprefix = {arXiv},
    primaryclass = {cs.LG}
}

@incollection{ref:goodfellow-2016,
title = {Improved Techniques for Training GANs},
author = {Salimans, Tim and Goodfellow, Ian and Zaremba, Wojciech and Cheung, Vicki and Radford, Alec and Chen, Xi},
booktitle = {Advances in Neural Information Processing Systems 29},
editor = {D. D. Lee and M. Sugiyama and U. V. Luxburg and I. Guyon and R. Garnett},
pages = {2234--2242},
year = {2016},
publisher = {Curran Associates, Inc.}
}

@article{ref:goodfellow-2017,
  author    = {Ian J. Goodfellow},
  title     = {{NIPS} 2016 Tutorial: Generative Adversarial Networks},
  journal   = {CoRR},
  volume    = {abs/1701.00160},
  year      = {2017},
  url       = {http://arxiv.org/abs/1701.00160},
  archivePrefix = {arXiv},
  eprint    = {1701.00160},
  primaryClass = {cs.LG}
}

@article{ref:goodfellow-2019,
    title = {Discriminator {Rejection} {Sampling}},
    url = {http://arxiv.org/abs/1810.06758},
    journal = {arXiv:1810.06758 [cs, stat]},
    author = {Azadi, Samaneh and Olsson, Catherine and Darrell, Trevor and Goodfellow, Ian and Odena, Augustus},
    year = {2018},
    eprint = {1810.06758},
    archiveprefix = {arXiv},
    primaryclass = {cs.LG}
}

@book{ref:goodfellow-deep-learning-book,
    title={Deep Learning},
    author={Goodfellow, Ian and Bengio, Yoshua and Courville, Aaron},
    publisher={MIT Press},
    year={2016},
    url={http://www.deeplearningbook.org}
}

@article{ref:goodfellow-distinguishability-2014,
    title = {On distinguishability criteria for estimating generative models},
    url = {http://arxiv.org/abs/1412.6515},
    journal = {arXiv:1412.6515 [stat]},
    author = {Goodfellow, Ian J.},
    year = {2014},
    eprint = {1412.6515},
    archiveprefix = {arXiv},
    primaryclass = {stat.ML}
}

@article{ref:goodfellow-explaining-2014,
    title = {Explaining and {Harnessing} {Adversarial} {Examples}},
    url = {http://arxiv.org/abs/1412.6572},
    journal = {arXiv:1412.6572 [cs, stat]},
    author = {Goodfellow, Ian J. and Shlens, Jonathon and Szegedy, Christian},
    year = {2014},
    eprint = {1412.6572},
    archiveprefix = {arXiv},
    primaryclass = {cs.LG}
}

@article{ref:goodfellow-original,
    title = {Generative {Adversarial} {Networks}},
    url = {http://arxiv.org/abs/1406.2661},
    journal = {arXiv:1406.2661 [cs, stat]},
    author = {Goodfellow, Ian J. and Pouget-Abadie, Jean and Mirza, Mehdi and Xu, Bing and Warde-Farley, David and Ozair, Sherjil and Courville, Aaron and Bengio, Yoshua},
    year = {2014},
    eprint = {1406.2661},
    archiveprefix = {arXiv},
    primaryclass = {stat.ML}
}

@book{ref:gray-2013,
  title={Entropy and Information Theory},
  author={Gray, R.M.},
  isbn={9781475739824},
  year={2013},
  publisher={Springer New York},
  edition={2nd}
}

@article{ref:gudmundsson,
    title = {An Introduction to Riemannian Geometry},
    author = {Gudmundsson, Sigmundur},
    journal = {Lecture Notes},
    year = {2018},
    url = {https://www.matematik.lu.se/matematiklu/personal/sigma/Riemann.pdf}
}

@article{ref:gulrajani-2017,
    title = {Improved Training of Wasserstein {GANs}},
    url = {http://arxiv.org/abs/1704.00028},
    journal = {arXiv:1704.00028 [cs, stat]},
    author = {Gulrajani, Ishaan and Ahmed, Faruk and Arjovsky, Martin and Dumoulin, Vincent and Courville, Aaron},
    year = {2017},
    eprint = {1704.00028},
    archiveprefix = {arXiv},
    primaryclass = {cs.LG}
}

@article{ref:gupta-2018,
    title = {Feedback {GAN} ({FBGAN}) for {DNA}: a Novel Feedback-Loop Architecture for Optimizing Protein Functions},
    url = {http://arxiv.org/abs/1804.01694},
    journal = {arXiv:1804.01694 [cs, q-bio]},
    author = {Gupta, Anvita and Zou, James},
    year = {2018},
    eprint = {1804.01694},
    archiveprefix = {arXiv},
    primaryclass = {q-bio.GN}
}

@inproceedings{ref:gutmann-2010,
  title={Noise-contrastive estimation: A new estimation principle for unnormalized statistical models},
  author={Gutmann, Michael and Hyv{\"a}rinen, Aapo},
  booktitle={Proceedings of the Thirteenth International Conference on Artificial Intelligence and Statistics},
  pages={297--304},
  year={2010}
}

@article{ref:hauberg-2018,
    title = {Only Bayes should learn a manifold (on the estimation of differential geometric structure from data)},
    url = {http://arxiv.org/abs/1806.04994},
    journal = {arXiv:1806.04994 [cs, stat]},
    author = {Hauberg, Søren},
    year = {2018},
    eprint = {1806.04994},
    archiveprefix = {arXiv},
    primaryclass = {stat.ML}
}

@article{ref:hong-2017,
    title = {How Generative Adversarial Networks and Their Variants Work: An Overview of {GAN}},
    url = {http://arxiv.org/abs/1711.05914},
    journal = {arXiv:1711.05914 [cs]},
    author = {Hong, Yongjun and Hwang, Uiwon and Yoo, Jaeyoon and Yoon, Sungroh},
    year = {2017},
    eprint = {1711.05914},
    archiveprefix = {arXiv},
    primaryclass = {cs.LG}
}

@article{ref:huang-2017,
    title = {Manifold-valued Image Generation with Wasserstein Adversarial Networks},
    url = {http://arxiv.org/abs/1712.01551},
    journal = {arXiv:1712.01551 [cs, stat]},
    author = {Huang, Zhiwu and Wu, Jiqing and Van Gool, Luc},
    year = {2017},
    eprint = {1712.01551},
    archiveprefix = {arXiv},
    primaryclass = {cs.CV}
}

@article{ref:jolicoeur-martineau-2018,
    title = {{GANs} beyond divergence minimization},
    url = {http://arxiv.org/abs/1809.02145},
    journal = {arXiv:1809.02145 [cs, stat]},
    author = {Jolicoeur-Martineau, Alexia},
    year = {2018},
    eprint = {1809.02145},
    archiveprefix = {arXiv},
    primaryclass = {cs.LG}
}

@article{ref:kahng-2018,
    title = {{GAN} Lab: Understanding Complex Deep Generative Models using Interactive Visual Experimentation},
    url = {http://arxiv.org/abs/1809.01587},
    doi = {10.1109/TVCG.2018.2864500},
    journal = {{IEEE} Transactions on Visualization and Computer Graphics},
    author = {Kahng, Minsuk and Thorat, Nikhil and Chau, Duen Horng and Viégas, Fernanda and Wattenberg, Martin},
    year = {2018},
    eprint = {1809.01587},
    archiveprefix = {arXiv},
    primaryclass = {cs.HC}
}

@article{ref:kantorovich-1942,
  title = {On the Translocation of Masses},
  author = {Kantorovich, L V},
  journal = {Proceedings of the USSR Academy of Sciences},
  volume = {37},
  pages = {199--201},
  year = {1942}
}

@book{ref:kay-1972,
  title={A personal computer for children of all ages},
  author={Kay, Alan C},
  year={1972},
  publisher={Xerox Palo Alto Research Center Palo Alto, CA}
}

@article{ref:khrulkov-2018,
    title = {Geometry Score: A Method For Comparing Generative Adversarial Networks},
    url = {http://arxiv.org/abs/1802.02664},
    journal = {arXiv:1802.02664 [cs, stat]},
    author = {Khrulkov, Valentin and Oseledets, Ivan},
    year = {2018},
    eprint = {1802.02664},
    archiveprefix = {arXiv},
    primaryclass = {cs.CG}
}

@article{ref:killoran-2017,
    title = {Generating and designing {DNA} with deep generative models},
    url = {http://arxiv.org/abs/1712.06148},
    journal = {arXiv:1712.06148 [cs, q-bio, stat]},
    author = {Killoran, Nathan and Lee, Leo J. and Delong, Andrew and Duvenaud, David and Frey, Brendan J.},
    year = {2017},
    eprint = {1712.06148},
    archiveprefix = {arXiv},
    primaryclass = {q-bio.GN}
}

@article{ref:kuhnel-2018,
    title = {Latent Space Non-Linear Statistics},
    url = {http://arxiv.org/abs/1805.07632},
    journal = {arXiv:1805.07632 [cs]},
    author = {Kuhnel, Line and Fletcher, Tom and Joshi, Sarang and Sommer, Stefan},
    year = {2018},
    eprint = {1805.07632},
    archiveprefix = {arXiv},
    primaryclass = {cs.CV}
}

@article{ref:lei-2017,
    title = {A Geometric View of Optimal Transportation and Generative Model},
    url = {http://arxiv.org/abs/1710.05488},
    journal = {arXiv:1710.05488 [cs, stat]},
    author = {Lei, Na and Su, Kehua and Cui, Li and Yau, Shing-Tung and Gu, David Xianfeng},
    year = {2017},
    eprint = {1710.05488},
    archiveprefix = {arXiv},
    primaryclass = {cs.LG}
}

@inproceedings{ref:li-2014,
  title={Coevolutionary learning of swarm behaviors without metrics},
  author={Li, Wei and Gauci, Melvin and Gro{\ss}, Roderich},
  booktitle={Proceedings of the 2014 Annual Conference on Genetic and Evolutionary Computation},
  pages={201--208},
  year={2014},
  organization={ACM},
  doi = {10.1145/2576768.2598271}
}

@article{ref:li-2016,
  title={Turing learning: a metric-free approach to inferring behavior and its application to swarms},
  author={Li, Wei and Gauci, Melvin and Gro{\ss}, Roderich},
  journal={Swarm Intelligence},
  volume={10},
  number={3},
  pages={211--243},
  year={2016},
  publisher={Springer},
  doi = {10.1007/s11721-016-0125-0}
}

@article{ref:li-2017,
    title = {On the {Limitations} of {First}-{Order} {Approximation} in {GAN} {Dynamics}},
    url = {http://arxiv.org/abs/1706.09884},
    journal = {arXiv:1706.09884 [cs]},
    author = {Li, Jerry and Madry, Aleksander and Peebles, John and Schmidt, Ludwik},
    year = {2017},
    eprint = {1706.09884},
    archiveprefix = {arXiv},
    primaryclass = {cs.LG}
}

@book{ref:mackay-2003,
  title={Information Theory, Inference and Learning Algorithms},
  author={MacKay, D.J.C.},
  isbn={9780521642989},
  year={2003},
  publisher={Cambridge University Press}
}

@book{ref:martin-2011,
  title={Mathematical theory of entropy},
  author={Martin, Nathaniel FG and England, James W},
  volume={12},
  year={2011},
  publisher={Cambridge university press}
}

@article{ref:mehrjou-2018,
    title = {Nonstationary {GANs}: {Analysis} as {Nonautonomous} {Dynamical} {Systems}},
    author = {Mehrjou, Arash and Schölkopf, Bernhard},
    journal = {arXiv preprint},
    year = {2018},
    eprint = {1806.00653},
    archiveprefix = {arXiv},
    primaryclass = {cs.LG}
}

@article{ref:mescheder,
    title = {Which {Training} {Methods} for {GANs} do actually {Converge}?},
    author = {Mescheder, Lars and Geiger, Andreas and Nowozin, Sebastian},
    journal = {arXiv preprint},
    year = {2018},
    eprint = {1805.08798},
    archiveprefix = {arXiv},
    primaryclass = {cs.LG}
}

@article{ref:mescheder-2017,
    title = {The {Numerics} of {GANs}},
    url = {http://arxiv.org/abs/1705.10461},
    journal = {arXiv:1705.10461 [cs]},
    author = {Mescheder, Lars and Nowozin, Sebastian and Geiger, Andreas},
    year = {2017},
    eprint = {1705.10461},
    archiveprefix = {arXiv},
    primaryclass = {cs.LG}
}

@article{ref:metz-2016,
    title = {Unrolled {Generative} {Adversarial} {Networks}},
    url = {http://arxiv.org/abs/1611.02163},
    journal = {arXiv:1611.02163 [cs, stat]},
    author = {Metz, Luke and Poole, Ben and Pfau, David and Sohl-Dickstein, Jascha},
    year = {2016},
    eprint = {1611.02163},
    archiveprefix = {arXiv},
    primaryclass = {stat.ML}
}

@book{ref:munkres-2000,
  title={Topology},
  author={Munkres, J.R.},
  isbn={9780131816299},
  year={2000},
  publisher={Prentice Hall, Incorporated},
  edition={2nd}
}

@book{ref:myerson,
    author = {Myerson, Roger B.},
    title = {Game Theory: Analysis of Conflict},
    publisher = {Harvard University Press},
    year = {1997},
    isbn = {0674341163}
}

@article{ref:nagarajan-2017,
    title = {Gradient descent {GAN} optimization is locally stable},
    url = {http://arxiv.org/abs/1706.04156},
    journal = {arXiv:1706.04156 [cs, math, stat]},
    author = {Nagarajan, Vaishnavh and Kolter, J. Zico},
    year = {2017},
    eprint = {1706.04156},
    archiveprefix = {arXiv},
    primaryclass = {cs.LG}
}

@ARTICLE{ref:narayanan-2013,
       author = {{Fefferman}, Charles and {Mitter}, Sanjoy and {Narayanan}, Hariharan},
        title = "{Testing the Manifold Hypothesis}",
      journal = {arXiv e-prints},
         year = "2013",
          eid = {arXiv:1310.0425},
        pages = {arXiv:1310.0425},
archivePrefix = {arXiv},
       eprint = {1310.0425},
 primaryClass = {math.ST},
}

@article{ref:nash-1950,
    title = {Equilibrium {Points} in n-{Person} {Games}},
    volume = {36},
    url = {http://www.jstor.org/stable/88031},
    number = {1},
    journal = {Proceedings of the National Academy of Sciences of the United States of America},
    author = {Nash, John F.},
    year = {1950},
    pages = {48--49}
}

@article{ref:nash-1951,
  title={Non-cooperative games},
  author={Nash, John},
  journal={Annals of mathematics},
  pages={286--295},
  year={1951},
  publisher={JSTOR}
}

@article{ref:nazki-2018,
  title={Synthetic Data Augmentation for Plant Disease Image Generation using GAN},
  author={Nazki, Haseeb and Lee, Jaehwan and Yoon, Sook and Park, Dong Sun},
  journal={Future Convergence Contents Realization the 4th Industrial Revolution, At Mokpo National University, Mokpo, South Korea},
  pages={459--460},
  year={2018}
}

@INPROCEEDINGS{ref:neal-98,
    author = {Neal, Radford and Hinton, Geoffrey E.},
    title = {A View Of The Em Algorithm That Justifies Incremental, Sparse, And Other Variants},
    booktitle = {Learning in Graphical Models},
    year = {1998},
    pages = {355--368},
    publisher = {Kluwer Academic Publishers}
}

@misc{ref:niemitalo-2010,
author = {Niemitalo, Olli},
title = {A method for training artificial neural networks},
year = 2010,
url={https://web.archive.org/web/20120312111546/http://yehar.com:80/blog/?p=167}
}

@article{ref:nock-2017,
    title = {f-{GANs} in an Information Geometric Nutshell},
    url = {http://arxiv.org/abs/1707.04385},
    journal = {arXiv:1707.04385 [cs, stat]},
    author = {Nock, Richard and Cranko, Zac and Menon, Aditya Krishna and Qu, Lizhen and Williamson, Robert C.},
    year = {2017},
    eprint = {1707.04385},
    archiveprefix = {arXiv},
    primaryclass = {cs.LG}
}

@article{ref:nowozin-2016,
    title = {f-{GAN}: Training Generative Neural Samplers using Variational Divergence Minimization},
    url = {http://arxiv.org/abs/1606.00709},
    journal = {arXiv:1606.00709 [cs, stat]},
    author = {Nowozin, Sebastian and Cseke, Botond and Tomioka, Ryota},
    year = {2016},
    eprint = {1606.00709},
    archiveprefix = {arXiv},
    primaryclass = {stat.ML}
}

@article{ref:oberman-2018,
    title = {Lipschitz regularized Deep Neural Networks converge and generalize},
    url = {http://arxiv.org/abs/1808.09540},
    journal = {arXiv:1808.09540 [cs, math, stat]},
    author = {Oberman, Adam M. and Calder, Jeff},
    year = {2018},
    eprint = {1808.09540},
    archiveprefix = {arXiv},
    primaryclass = {cs.LG}
}

@article{ref:oden-2018,
    title = {Is {Generator} {Conditioning} {Causally} {Related} to {GAN} {Performance}?},
    url = {http://arxiv.org/abs/1802.08768},
    journal = {arXiv:1802.08768 [cs, stat]},
    author = {Odena, Augustus and Buckman, Jacob and Olsson, Catherine and Brown, Tom B. and Olah, Christopher and Raffel, Colin and Goodfellow, Ian},
    year = {2018},
    eprint = {1802.08768},
    archiveprefix = {arXiv},
    primaryclass = {cs.LG}
}

@article{ref:odena-2016,
  title={Semi-supervised learning with generative adversarial networks},
  author={Odena, Augustus},
  journal={arXiv preprint arXiv:1606.01583},
  year={2016},
  eprint = {1606.01583},
  archiveprefix = {arXiv},
  primaryclass = {cs.LG}
}

@article{ref:pass,
    title = {An introduction to optimal transport},
    author = {Pass, Brendan},
    journal = {Matching theory},
    year = {2014},
    publisher = {University of Alberta}
}

@article{ref:peng-2018,
    title = {Variational {Discriminator} {Bottleneck}: {Improving} {Imitation} {Learning}, {Inverse} {RL}, and {GANs} by {Constraining} {Information} {Flow}},
    url = {http://arxiv.org/abs/1810.00821},
    journal = {arXiv:1810.00821 [cs, stat]},
    author = {Peng, Xue Bin and Kanazawa, Angjoo and Toyer, Sam and Abbeel, Pieter and Levine, Sergey},
    year = {2018},
    eprint = {1810.00821},
    archiveprefix = {arXiv},
    primaryclass = {cs.LG}
}

@book{ref:poundstone,
  title={Prisoner's Dilemma/John von Neumann, Game Theory and the Puzzle of the Bomb},
  author={Poundstone, William},
  year={1993},
  publisher={Anchor}
}

@article{ref:qiao-2018,
    title = {Geometry-Contrastive Generative Adversarial Network for Facial Expression Synthesis},
    url = {http://arxiv.org/abs/1802.01822},
    journal = {arXiv:1802.01822 [cs]},
    author = {Qiao, Fengchun and Yao, Naimin and Jiao, Zirui and Li, Zhihao and Chen, Hui and Wang, Hongan},
    year = {2018},
    eprint = {1802.01822},
    archiveprefix = {arXiv},
    primaryclass = {cs.CV}
}

@article{ref:rumelhart-1986,
   author = {Rumelhart, D. E. and Hinton, G. E. and Williams, R. J.},
    title = {Learning representations by back-propagating errors},
  journal = {Nature},
     year = 1986,
   volume = 323,
    pages = {533-536},
      doi = {10.1038/323533a0}
}

@article{ref:salimans-2016,
    title = {Improved Techniques for Training {GANs}},
    url = {http://arxiv.org/abs/1606.03498},
    journal = {arXiv:1606.03498 [cs]},
    author = {Salimans, Tim and Goodfellow, Ian and Zaremba, Wojciech and Cheung, Vicki and Radford, Alec and Chen, Xi},
    year = {2016},
    eprint = {1606.03498},
    archiveprefix = {arXiv},
    primaryclass = {cs.LG}
}

@article{ref:santambrogio-2010,
    title = {Introduction to Optimal Transport Theory},
    url = {http://arxiv.org/abs/1009.3856},
    journal = {arXiv:1009.3856 [math]},
    author = {Santambrogio, Filippo},
    year = {2010},
    eprint = {1009.3856},
    archiveprefix = {arXiv},
    primaryclass = {math.AP}
}

@article{ref:schmidhuber-1990,
  title={Making the world differentiable: On using self-supervised fully recurrent neural networks for dynamic reinforcement learning and planning in non-stationary environments},
  author={Schmidhuber, J{\"u}rgen},
  journal={Technical Report, TU Munich},
  year={1990}
}

@inproceedings{ref:schmidhuber-1991,
  title={A possibility for implementing curiosity and boredom in model-building neural controllers},
  author={Schmidhuber, J{\"u}rgen},
  booktitle={Proc. of the international conference on simulation of adaptive behavior: From animals to animats},
  pages={222--227},
  year={1991}
}

@article{ref:schmidhuber-1992,
  title={Learning factorial codes by predictability minimization},
  author={Schmidhuber, J{\"u}rgen},
  journal={Neural Computation},
  volume={4},
  number={6},
  pages={863--879},
  year={1992},
  publisher={MIT Press},
  doi = {10.1162/neco.1992.4.6.863}
}

@article{ref:schmidhuber-1996,
  title={Semilinear predictability minimization produces well-known feature detectors},
  author={Schmidhuber, J{\"u}rgen and Eldracher, Martin and Foltin, Bernhard},
  journal={Neural Computation},
  volume={8},
  number={4},
  pages={773--786},
  year={1996},
  publisher={MIT Press},
  doi = {10.1162/neco.1996.8.4.773}
}

@misc{ref:schmidhuber-2018,
  title={Unsupervised Neural Networks Fight in a Minimax Game},
  author={Schmidhuber, J{\"u}rgen},
  year=2018,
  url = {https://web.archive.org/web/20190223074346/http://people.idsia.ch/~juergen/unsupervised-neural-nets-fight-minimax-game.html}
}

@inproceedings{ref:shin-2018,
  title={Medical image synthesis for data augmentation and anonymization using generative adversarial networks},
  author={Shin, Hoo-Chang and Tenenholtz, Neil A and Rogers, Jameson K and Schwarz, Christopher G and Senjem, Matthew L and Gunter, Jeffrey L and Andriole, Katherine P and Michalski, Mark},
  booktitle={International Workshop on Simulation and Synthesis in Medical Imaging},
  pages={1--11},
  year=2018,
  organization={Springer},
  doi = {10.1007/978-3-030-00536-8_1}
}

@article{ref:singh-2018,
    title = {Wasserstein is all you need},
    url = {http://arxiv.org/abs/1808.09663},
    journal = {arXiv:1808.09663 [cs, stat]},
    author = {Singh, Sidak Pal and Hug, Andreas and Dieuleveut, Aymeric and Jaggi, Martin},
    year = {2018},
    eprint = {1808.09663},
    archiveprefix = {arXiv},
    primaryclass = {cs.CL}
}

@article{ref:tenenbaum-2000,
  title={A global geometric framework for nonlinear dimensionality reduction},
  author={Tenenbaum, Joshua B and De Silva, Vin and Langford, John C},
  journal={science},
  volume={290},
  number={5500},
  pages={2319--2323},
  year={2000},
  publisher={American Association for the Advancement of Science},
  doi = {10.1126/science.290.5500.2319}
}

@article{ref:theis-2015,
    title = {A note on the evaluation of generative models},
    url = {http://arxiv.org/abs/1511.01844},
    journal = {arXiv:1511.01844 [cs, stat]},
    author = {Theis, Lucas and Oord, Aäron van den and Bethge, Matthias},
    year = {2015},
    eprint = {1511.01844},
    archiveprefix = {arXiv},
    primaryclass = {cs.LG}
}

@article{ref:tishby-2015,
    title = {Deep {Learning} and the {Information} {Bottleneck} {Principle}},
    url = {http://arxiv.org/abs/1503.02406},
    journal = {arXiv:1503.02406 [cs]},
    author = {Tishby, Naftali and Zaslavsky, Noga},
    year = {2015},
    eprint = {1503.02406},
    archiveprefix = {arXiv},
    primaryclass = {cs.LG}
}

@article{ref:tishby-2017,
    title = {Opening the {Black} {Box} of {Deep} {Neural} {Networks} via {Information}},
    url = {http://arxiv.org/abs/1703.00810},
    journal = {arXiv:1703.00810 [cs]},
    author = {Shwartz-Ziv, Ravid and Tishby, Naftali},
    year = {2017},
    eprint = {1703.00810},
    archiveprefix = {arXiv},
    primaryclass = {cs.LG}
}

@inproceedings{ref:valerio-2017,
  title={ARIGAN: synthetic Arabidopsis plants using generative adversarial network},
  author={Giuffrida, Valerio and Scharr, Hanno and Tsaftaris, Sotirios A},
  booktitle={Proceedings of the IEEE International Conference on Computer Vision},
  pages={2064--2071},
  year={2017},
  doi = {10.1109/ICCV.2017.225}
}

@article{ref:vershik-2013,
    title = {Long History of the Monge-Kantorovich Transportation Problem: (Marking the centennial of L.V. Kantorovich's birth!)},
    volume = {35},
    url = {http://link.springer.com/10.1007/s00283-013-9380-x},
    doi = {10.1007/s00283-013-9380-x},
    pages = {1--9},
    number = {4},
    journal = {The Mathematical Intelligencer},
    author = {Vershik, A. M.},
    year = {2013}
}

@book{ref:villani-2008,
  title={Optimal transport: old and new},
  author={Villani, C{\'e}dric},
  volume={338},
  year={2008},
  publisher={Springer Science and Business Media}
}

@article{ref:wang-2017,
    title = {{GraphGAN}: Graph Representation Learning with Generative Adversarial Nets},
    url = {http://arxiv.org/abs/1711.08267},
    journal = {arXiv:1711.08267 [cs, stat]},
    author = {Wang, Hongwei and Wang, Jia and Wang, Jialin and Zhao, Miao and Zhang, Weinan and Zhang, Fuzheng and Xie, Xing and Guo, Minyi},
    year = {2017},
    eprint = {1711.08267},
    archiveprefix = {arXiv},
    primaryclass = {cs.SI}
}

@article{ref:wang-2018,
    title = {A {Solvable} {High}-{Dimensional} {Model} of {GAN}},
    url = {http://arxiv.org/abs/1805.08349},
    journal = {arXiv:1805.08349 [cond-mat, stat]},
    author = {Wang, Chuang and Hu, Hong and Lu, Yue M.},
    year = {2018},
    eprint = {1805.08349},
    archiveprefix = {arXiv},
    primaryclass = {cs.IT}
}

@misc{ref:weng-2017,
author = {Weng, Lilian},
title = {From GAN to WGAN},
year = 2017,
url={https://web.archive.org/web/20190404035912/https://lilianweng.github.io/lil-log/2017/08/20/from-GAN-to-WGAN.html}
}

@article{ref:wibisono-2018,
    title = {Sampling as optimization in the space of measures: {The} {Langevin} dynamics as a composite optimization problem},
    url = {http://arxiv.org/abs/1802.08089},
    journal = {arXiv:1802.08089 [cs, math, stat]},
    author = {Wibisono, Andre},
    year = {2018},
    eprint = {1802.08089},
    archiveprefix = {arXiv},
    primaryclass = {stat.ML}
}

@article{ref:yoon-2018,
    title = {{GAIN}: Missing Data Imputation using Generative Adversarial Nets},
    url = {http://arxiv.org/abs/1806.02920},
    journal = {arXiv:1806.02920 [cs, stat]},
    author = {Yoon, Jinsung and Jordon, James and van der Schaar, Mihaela},
    year = {2018},
    eprint = {1806.02920},
    archiveprefix = {arXiv},
    primaryclass = {cs.LG}
}

@article{ref:yu-2016,
    title = {{SeqGAN}: Sequence Generative Adversarial Nets with Policy Gradient},
    url = {http://arxiv.org/abs/1609.05473},
    journal = {arXiv:1609.05473 [cs]},
    author = {Yu, Lantao and Zhang, Weinan and Wang, Jun and Yu, Yong},
    year = {2016},
    eprint = {1609.05473},
    archiveprefix = {arXiv},
    primaryclass = {cs.CL}
}

@article{ref:zaslavsky-2018,
    title = {Efficient human-like semantic representations via the {Information} {Bottleneck} principle},
    url = {http://arxiv.org/abs/1808.03353},
    journal = {arXiv:1808.03353 [cs]},
    author = {Zaslavsky, Noga and Kemp, Charles and Regier, Terry and Tishby, Naftali},
    year = {2018},
    eprint = {1808.03353},
    archiveprefix = {arXiv},
    primaryclass = {cs.CL}
}

@article{ref:zhang-2018,
    title = {Self-{Attention} {Generative} {Adversarial} {Networks}},
    url = {http://arxiv.org/abs/1805.08318},
    journal = {arXiv:1805.08318 [cs, stat]},
    author = {Zhang, Han and Goodfellow, Ian and Metaxas, Dimitris and Odena, Augustus},
    year = {2018},
    eprint = {1805.08318},
    archiveprefix = {arXiv},
    primaryclass = {cs.LG}
}

@article{ref:zhao-2016,
    title = {Energy-based {Generative} {Adversarial} {Network}},
    url = {http://arxiv.org/abs/1609.03126},
    journal = {arXiv:1609.03126 [cs, stat]},
    author = {Zhao, Junbo and Mathieu, Michael and LeCun, Yann},
    year = {2016},
    eprint = {1609.03126},
    archiveprefix = {arXiv},
    primaryclass = {cs.LG}
}

@inproceedings{ref:zhou-2012,
  title={Adversarial support vector machine learning},
  author={Zhou, Yan and Kantarcioglu, Murat and Thuraisingham, Bhavani and Xi, Bowei},
  booktitle={Proceedings of the 18th ACM SIGKDD international conference on Knowledge discovery and data mining},
  pages={1059--1067},
  year={2012},
  organization={ACM},
  doi = {10.1145/2339530.2339702}
}

@article{ref:bellman-1957,
  title={Dynamic programming},
  author={Bellman, Richard},
  journal={Princeton University Press},
  year={1957}
}

@article{ref:kantorovich-rubinstein-1958,
  title={On a space of completely additive functions},
  author={Kantorovich, Leonid Vasilevich and Rubinstein, Gennady S},
  journal={Vestnik Leningrad. Univ},
  volume={13},
  number={7},
  pages={52--59},
  year={1958}
}

@misc{ref:df1,
    title={Limits of Deepfake Detection: A Robust Estimation Viewpoint},
    author={Agarwal, Sakshi and Varshney, Lav R.},
    year={2019},
    eprint={1905.03493},
    archivePrefix={arXiv},
    primaryClass={cs.LG}
}

@misc{ref:df2,
    title={Recurrent Convolutional Strategies for Face Manipulation Detection in Videos},
    author={Sabir, Ekraam and Cheng, Jiaxin and Jaiswal, Ayush and AbdAlmageed, Wael and Masi, Iacopo and Natarajan, Prem},
    year={2019},
    eprint={1905.00582},
    archivePrefix={arXiv},
    primaryClass={cs.CV}
}

@misc{ref:df3,
    title={Detecting GAN generated Fake Images using Co-occurrence Matrices},
    author={Nataraj, Lakshmanan and Mohammed, Tajuddin Manhar and Manjunath, B. S. and Chandrasekaran, Shivkumar and Flenner, Arjuna and Bappy, Jawadul H. and Roy-Chowdhury, Amit K.},
    year={2019},
    eprint={1903.06836},
    archivePrefix={arXiv},
    primaryClass={cs.CV}
}

@misc{ref:df4,
    title={FaceForensics++: Learning to Detect Manipulated Facial Images},
    author={Rössler, Andreas and Cozzolino, Davide and Verdoliva, Luisa and Riess, Christian and Thies, Justus and Nießner, Matthias},
    year={2019},
    eprint={1901.08971},
    archivePrefix={arXiv},
    primaryClass={cs.CV}
}

@misc{ref:df5,
    title={DeepFakes: a New Threat to Face Recognition? Assessment and Detection},
    author={Korshunov, Pavel and Marcel, Sebastien},
    year={2018},
    eprint={1812.08685},
    archivePrefix={arXiv},
    primaryClass={cs.CV}
}

@misc{ref:df6,
    title={Detecting GAN-generated Imagery using Color Cues},
    author={McCloskey, Scott and Albright, Michael},
    year={2018},
    eprint={1812.08247},
    archivePrefix={arXiv},
    primaryClass={cs.CV}
}

@misc{ref:df7,
    title={Exposing DeepFake Videos By Detecting Face Warping Artifacts},
    author={Li, Yuezun and Lyu, Siwei},
    year={2018},
    eprint={1811.00656},
    archivePrefix={arXiv},
    primaryClass={cs.CV}
}

@article{ref:df8,
   title={MesoNet: a Compact Facial Video Forgery Detection Network},
   journal={2018 IEEE International Workshop on Information Forensics and Security (WIFS)},
   publisher={IEEE},
   author={Afchar, Darius and Nozick, Vincent and Yamagishi, Junichi and Echizen, Isao},
   year={2018},
   doi = {10.1109/WIFS.2018.8630761}
}

@misc{ref:df9,
    title={In Ictu Oculi: Exposing AI Generated Fake Face Videos by Detecting Eye Blinking},
    author={Li, Yuezun and Chang, Ming-Ching and Lyu, Siwei},
    year={2018},
    eprint={1806.02877},
    archivePrefix={arXiv},
    primaryClass={cs.CV}
}

@inproceedings{ref:df10,
author = {Matern, Falko and Riess, Christian and Stamminger, Marc},
year = {2019},
month = {01},
pages = {83-92},
title = {Exploiting Visual Artifacts to Expose Deepfakes and Face Manipulations},
booktitle = {2019 IEEE Winter Conference on Applications of Computer Vision (WACV)},
doi = {10.1109/WACVW.2019.00020}
}

@article{ref:df11,
  author    = {Afchar, Darius and
               Nozick, Vincent and
               Yamagishi, Junichi and
               Echizen, Isao},
  title     = {MesoNet: a Compact Facial Video Forgery Detection Network},
  journal   = {CoRR},
  volume    = {abs/1809.00888},
  year      = {2018},
  url       = {http://arxiv.org/abs/1809.00888},
  archivePrefix = {arXiv},
  eprint    = {1809.00888},
  primaryClass = {cs.CV}
}

@article{ref:df12,
  author    = {Xuan, Xinsheng and
               Peng, Bo and
               Dong, Jing and
               Wang, Wei},
  title     = {On the generalization of {GAN} image forensics},
  journal   = {CoRR},
  volume    = {abs/1902.11153},
  year      = {2019},
  url       = {http://arxiv.org/abs/1902.11153},
  archivePrefix = {arXiv},
  eprint    = {1902.11153},
  primaryClass = {cs.CV}
}
